<record><leader>00000cas a22000007a 4500</leader><controlfield tag="001">21160487</controlfield><controlfield tag="008">900302d19131915moudn ne      0    0eng d</controlfield><datafield ind1=" " ind2=" " tag="010"><subfield code="a">sn 90061297 </subfield></datafield><datafield ind1=" " ind2=" " tag="040"><subfield code="a">MQN</subfield><subfield code="b">eng</subfield><subfield code="c">MQN</subfield><subfield code="d">OCLCQ</subfield></datafield><datafield ind1=" " ind2=" " tag="042"><subfield code="a">msc</subfield></datafield><datafield ind1="0" ind2="0" tag="245"><subfield code="a">Monett daily record.</subfield></datafield><datafield ind1=" " ind2=" " tag="260"><subfield code="a">Monett, Barry County, Mo. :</subfield><subfield code="b">Hugh L. Moore</subfield></datafield><datafield ind1=" " ind2=" " tag="300"><subfield code="a">v.</subfield></datafield><datafield ind1=" " ind2=" " tag="310"><subfield code="a">Daily (except Sun.)</subfield></datafield><datafield ind1="1" ind2=" " tag="362"><subfield code="a">Began in 1913? Ceased in 1915?</subfield></datafield><datafield ind1=" " ind2=" " tag="588"><subfield code="a">Description based on: Vol. 12, no. 167 (Jan. 22, 1914).</subfield></datafield><datafield ind1=" " ind2=" " tag="752"><subfield code="a">United States</subfield><subfield code="b">Missouri</subfield><subfield code="c">Barry</subfield><subfield code="d">Monett.</subfield></datafield><datafield ind1="0" ind2="0" tag="780"><subfield code="t">Monett star</subfield><subfield code="w">(DLC)sn 90061296</subfield></datafield><datafield ind1="0" ind2="0" tag="785"><subfield code="t">Morning star (Monett, Mo.)</subfield><subfield code="w">(DLC)sn 90061307</subfield></datafield></record>